[gd_scene load_steps=7 format=2]

[ext_resource path="res://assets/images/background_dev.jpg" type="Texture" id=1]
[ext_resource path="res://scripts/windows/QuickTag.gd" type="Script" id=2]
[ext_resource path="res://assets/fonts/set_timer_labels.tres" type="DynamicFont" id=3]
[ext_resource path="res://assets/fonts/set_timer_btn_cancel.tres" type="DynamicFont" id=4]
[ext_resource path="res://assets/fonts/set_timer_btn_set.tres" type="DynamicFont" id=5]

[sub_resource type="RectangleShape2D" id=1]
extents = Vector2( 76.6298, 28.6429 )

[node name="QuickTag" type="Node2D"]
script = ExtResource( 2 )
__meta__ = {
"_edit_horizontal_guides_": [ 202.0, 1727.0, 298.0, 184.0, 313.0, 1592.0 ],
"_edit_vertical_guides_": [ 1055.0, 500.0, 963.0, 515.0, 530.0, 25.0, 40.0, 1040.0 ]
}

[node name="Buttons" type="Node2D" parent="."]
z_index = 2

[node name="btn_set" type="Button" parent="Buttons"]
visible = false
modulate = Color( 1, 1, 1, 0.745098 )
margin_left = 259.0
margin_top = 1072.0
margin_right = 502.0
margin_bottom = 1149.0
custom_fonts/font = ExtResource( 5 )
text = "Set"
__meta__ = {
"_edit_use_anchors_": false
}

[node name="btn_cancel" type="Button" parent="Buttons"]
visible = false
modulate = Color( 1, 1, 1, 0.745098 )
margin_left = 607.0
margin_top = 1072.0
margin_right = 850.0
margin_bottom = 1149.0
custom_fonts/font = ExtResource( 4 )
text = "Cancel"
__meta__ = {
"_edit_use_anchors_": false
}

[node name="btn_tags" type="TextureButton" parent="Buttons"]
visible = false
margin_left = 25.0
margin_top = 209.0
margin_right = 228.0
margin_bottom = 291.0
__meta__ = {
"_edit_use_anchors_": false
}

[node name="btn_bg" type="Polygon2D" parent="Buttons/btn_tags"]
position = Vector2( 0, 10 )
color = Color( 1, 1, 1, 0.192157 )
polygon = PoolVector2Array( 0, -17, 203, -17, 203, 79, 0, 79 )

[node name="lab" type="Label" parent="Buttons/btn_tags/btn_bg"]
anchor_top = 0.5
anchor_bottom = 0.5
margin_left = 28.0
margin_top = -17.0
margin_right = 140.0
margin_bottom = 39.0
rect_scale = Vector2( 1.3523, 1.58555 )
custom_fonts/font = ExtResource( 3 )
text = "Tags"
align = 1
valign = 1
__meta__ = {
"_edit_use_anchors_": false
}

[node name="btn_add_tags" type="TextureButton" parent="Buttons"]
visible = false
margin_left = 228.0
margin_top = 209.0
margin_right = 517.0
margin_bottom = 291.0
__meta__ = {
"_edit_use_anchors_": false
}

[node name="btn_bg" type="Polygon2D" parent="Buttons/btn_add_tags"]
position = Vector2( 0, 10 )
color = Color( 0, 0, 0, 0.294118 )
polygon = PoolVector2Array( 0, -17, 289, -17, 289, 79, 0, 79 )

[node name="lab" type="Label" parent="Buttons/btn_add_tags/btn_bg"]
anchor_right = 1.0
anchor_bottom = 1.0
margin_left = 11.0
margin_top = -10.0
margin_right = 207.0
margin_bottom = 46.0
rect_scale = Vector2( 1.3523, 1.58555 )
custom_fonts/font = ExtResource( 3 )
text = "Add tag"
align = 1
valign = 1
__meta__ = {
"_edit_use_anchors_": false
}

[node name="btn_close" type="TextureButton" parent="Buttons"]
margin_left = 963.0
margin_top = 209.0
margin_right = 1055.0
margin_bottom = 291.0
__meta__ = {
"_edit_use_anchors_": false
}

[node name="btn_bg" type="Polygon2D" parent="Buttons/btn_close"]
position = Vector2( 0, 11 )
color = Color( 0, 0, 0, 0.294118 )
polygon = PoolVector2Array( 0, -18, 92, -18, 92, 78, 0, 78 )

[node name="lab" type="Label" parent="Buttons/btn_close/btn_bg"]
anchor_bottom = 1.0
margin_left = 10.0
margin_top = -18.0
margin_right = 38.0
margin_bottom = 38.0
rect_scale = Vector2( 2.49647, 1.82743 )
custom_colors/font_color = Color( 0.376471, 0.12549, 0.12549, 1 )
custom_colors/font_color_shadow = Color( 0.2, 0.0980392, 0.0980392, 1 )
custom_fonts/font = ExtResource( 3 )
text = "X"
__meta__ = {
"_edit_use_anchors_": false
}

[node name="bg" type="Control" parent="."]
anchor_right = 1.0
anchor_bottom = 1.0
__meta__ = {
"_edit_use_anchors_": false
}

[node name="TextureRect" type="TextureRect" parent="bg"]
visible = false
anchor_right = 1.0
anchor_bottom = 1.0
margin_right = 1080.0
margin_bottom = 1920.0
texture = ExtResource( 1 )
__meta__ = {
"_edit_lock_": true,
"_edit_use_anchors_": false
}

[node name="window_bg" type="Polygon2D" parent="bg"]
modulate = Color( 0.596078, 0.596078, 0.596078, 0.839216 )
position = Vector2( 68.1026, 64.1388 )
scale = Vector2( 0.936725, 0.971873 )
polygon = PoolVector2Array( -46.0141, 141.851, -46.0141, 1710.99, 1053.56, 1710.99, 1053.56, 141.851 )

[node name="Labels" type="Node2D" parent="."]
z_index = 1
__meta__ = {
"_edit_group_": true,
"_edit_lock_": true
}

[node name="minutes" type="Label" parent="Labels"]
margin_left = 40.0
margin_top = 202.0
margin_right = 779.0
margin_bottom = 263.0
rect_scale = Vector2( 1.3523, 1.58555 )
custom_fonts/font = ExtResource( 3 )
text = "Select tag"
align = 1
valign = 1
__meta__ = {
"_edit_use_anchors_": false
}

[node name="tags_bg" type="Polygon2D" parent="."]
color = Color( 0, 0, 0, 0.682353 )
polygon = PoolVector2Array( 25, 202, 25, 298, 1055, 298, 1055, 202 )

[node name="Control" type="Control" parent="."]
anchor_right = 1.0
anchor_bottom = 1.0
__meta__ = {
"_edit_use_anchors_": false
}

[node name="tags_list" type="Control" parent="Control"]
margin_left = 40.0
margin_top = 313.0
margin_right = 1039.0
margin_bottom = 1590.0
__meta__ = {
"_edit_use_anchors_": false
}

[node name="tags_container" type="ScrollContainer" parent="Control/tags_list"]
anchor_right = 1.0
anchor_bottom = 1.0
__meta__ = {
"_edit_use_anchors_": false
}

[node name="VBoxContainer" type="VBoxContainer" parent="Control/tags_list/tags_container"]
margin_right = 999.0
margin_bottom = 1277.0
size_flags_horizontal = 3
size_flags_vertical = 3
custom_constants/separation = 129

[node name="time_slider" type="Control" parent="Control"]
visible = false
anchor_left = 0.5
anchor_top = 0.5
anchor_right = 0.5
anchor_bottom = 0.5
margin_left = 225.0
margin_top = 335.0
margin_right = 886.0
margin_bottom = 939.0
__meta__ = {
"_edit_group_": true,
"_edit_lock_": true,
"_edit_use_anchors_": false
}

[node name="hours" type="ScrollContainer" parent="Control/time_slider"]
anchor_right = 1.0
anchor_bottom = 1.0
margin_left = 14.0
margin_top = -22.0
margin_right = -440.0
margin_bottom = 59.0
__meta__ = {
"_edit_use_anchors_": false
}

[node name="ScrollContainer" type="ScrollContainer" parent="Control/time_slider/hours"]
margin_right = 207.0
margin_bottom = 685.0
size_flags_horizontal = 3
size_flags_vertical = 3

[node name="VBoxContainer" type="VBoxContainer" parent="Control/time_slider/hours/ScrollContainer"]
margin_right = 207.0
margin_bottom = 685.0
size_flags_horizontal = 3
size_flags_vertical = 3
custom_constants/separation = 115

[node name="minutes" type="ScrollContainer" parent="Control/time_slider"]
anchor_right = 1.0
anchor_bottom = 1.0
margin_left = 241.0
margin_top = -22.0
margin_right = -213.0
margin_bottom = 59.0
__meta__ = {
"_edit_use_anchors_": false
}

[node name="ScrollContainer" type="ScrollContainer" parent="Control/time_slider/minutes"]
margin_right = 207.0
margin_bottom = 685.0
size_flags_horizontal = 3
size_flags_vertical = 3

[node name="VBoxContainer" type="VBoxContainer" parent="Control/time_slider/minutes/ScrollContainer"]
margin_right = 207.0
margin_bottom = 685.0
size_flags_horizontal = 3
size_flags_vertical = 3
custom_constants/separation = 115

[node name="seconds" type="ScrollContainer" parent="Control/time_slider"]
anchor_right = 1.0
anchor_bottom = 1.0
margin_left = 451.0
margin_top = -22.0
margin_right = -3.0
margin_bottom = 59.0
__meta__ = {
"_edit_use_anchors_": false
}

[node name="ScrollContainer" type="ScrollContainer" parent="Control/time_slider/seconds"]
margin_right = 207.0
margin_bottom = 685.0
size_flags_horizontal = 3
size_flags_vertical = 3

[node name="VBoxContainer" type="VBoxContainer" parent="Control/time_slider/seconds/ScrollContainer"]
margin_right = 207.0
margin_bottom = 685.0
size_flags_horizontal = 3
size_flags_vertical = 3
custom_constants/separation = 115

[node name="numbers_selector" type="Control" parent="Control"]
visible = false
anchor_right = 1.0
anchor_bottom = 1.0
__meta__ = {
"_edit_group_": true,
"_edit_lock_": true,
"_edit_use_anchors_": false
}

[node name="hours" type="Area2D" parent="Control/numbers_selector"]

[node name="CollisionShape2D" type="CollisionShape2D" parent="Control/numbers_selector/hours"]
position = Vector2( 334.5, 368.06 )
scale = Vector2( 0.985257, 0.839998 )
shape = SubResource( 1 )

[node name="Polygon2D" type="Polygon2D" parent="Control/numbers_selector/hours/CollisionShape2D"]
visible = false
position = Vector2( -2.67029e-05, 3.8147e-06 )
scale = Vector2( 0.855675, 0.850151 )
color = Color( 0.941176, 0.145098, 0.145098, 0.529412 )
polygon = PoolVector2Array( -88.9616, -32.9846, 88.6498, -33, 88.6498, 35.0308, -88.9616, 35.0461 )

[node name="minutes" type="Area2D" parent="Control/numbers_selector"]
position = Vector2( 225, 0 )

[node name="CollisionShape2D" type="CollisionShape2D" parent="Control/numbers_selector/minutes"]
position = Vector2( 334.5, 368.06 )
scale = Vector2( 0.985257, 0.839998 )
shape = SubResource( 1 )

[node name="Polygon2D" type="Polygon2D" parent="Control/numbers_selector/minutes/CollisionShape2D"]
visible = false
position = Vector2( -2.67029e-05, 3.8147e-06 )
scale = Vector2( 0.855675, 0.850151 )
color = Color( 0.941176, 0.145098, 0.145098, 0.529412 )
polygon = PoolVector2Array( -88.9616, -32.9846, 88.6498, -33, 88.6498, 35.0308, -88.9616, 35.0461 )

[node name="seconds" type="Area2D" parent="Control/numbers_selector"]
position = Vector2( 434, 0 )

[node name="CollisionShape2D" type="CollisionShape2D" parent="Control/numbers_selector/seconds"]
position = Vector2( 334.5, 368.06 )
scale = Vector2( 0.985257, 0.839998 )
shape = SubResource( 1 )

[node name="Polygon2D" type="Polygon2D" parent="Control/numbers_selector/seconds/CollisionShape2D"]
visible = false
position = Vector2( -2.67029e-05, 3.8147e-06 )
scale = Vector2( 0.855675, 0.850151 )
color = Color( 0.941176, 0.145098, 0.145098, 0.529412 )
polygon = PoolVector2Array( -88.9616, -32.9846, 88.6498, -33, 88.6498, 35.0308, -88.9616, 35.0461 )

[connection signal="tree_entered" from="." to="." method="_on_QuickTag_tree_entered"]
[connection signal="mouse_entered" from="Buttons/btn_set" to="Control/time_slider" method="_on_btn_set_mouse_entered"]
[connection signal="mouse_exited" from="Buttons/btn_set" to="Control/time_slider" method="_on_btn_set_mouse_exited"]
[connection signal="pressed" from="Buttons/btn_set" to="Control/time_slider" method="_on_btn_set_pressed"]
[connection signal="mouse_entered" from="Buttons/btn_cancel" to="Control/time_slider" method="_on_btn_cancel_mouse_entered"]
[connection signal="mouse_exited" from="Buttons/btn_cancel" to="Control/time_slider" method="_on_btn_cancel_mouse_exited"]
[connection signal="pressed" from="Buttons/btn_cancel" to="Control/time_slider" method="_on_btn_cancel_pressed"]
[connection signal="mouse_entered" from="Buttons/btn_close" to="." method="_on_btn_close_mouse_entered"]
[connection signal="mouse_exited" from="Buttons/btn_close" to="." method="_on_btn_close_mouse_exited"]
[connection signal="pressed" from="Buttons/btn_close" to="." method="_on_btn_close_pressed"]
[connection signal="area_entered" from="Control/numbers_selector/hours" to="Control/time_slider" method="_on_hours_area_entered"]
[connection signal="area_exited" from="Control/numbers_selector/hours" to="Control/time_slider" method="_on_hours_area_exited"]
[connection signal="area_entered" from="Control/numbers_selector/minutes" to="Control/time_slider" method="_on_minutes_area_entered"]
[connection signal="area_exited" from="Control/numbers_selector/minutes" to="Control/time_slider" method="_on_minutes_area_exited"]
[connection signal="area_entered" from="Control/numbers_selector/seconds" to="Control/time_slider" method="_on_seconds_area_entered"]
[connection signal="area_exited" from="Control/numbers_selector/seconds" to="Control/time_slider" method="_on_seconds_area_exited"]
